<record><leader>00000cas a22000007a 4500</leader><controlfield tag="001">29873066</controlfield><controlfield tag="008">940225d19381942mauwr ne      0    0fre d</controlfield><datafield ind1=" " ind2=" " tag="010"><subfield code="a">sn 94055536 </subfield></datafield><datafield ind1=" " ind2=" " tag="040"><subfield code="a">MGN</subfield><subfield code="b">eng</subfield><subfield code="c">MGN</subfield><subfield code="d">OCLCQ</subfield><subfield code="d">OCLCF</subfield><subfield code="d">OCLCO</subfield></datafield><datafield ind1="1" ind2=" " tag="029"><subfield code="a">AU@</subfield><subfield code="b">000010884742</subfield></datafield><datafield ind1="0" ind2=" " tag="041"><subfield code="a">freeng</subfield></datafield><datafield ind1=" " ind2=" " tag="042"><subfield code="a">msc</subfield></datafield><datafield ind1=" " ind2=" " tag="043"><subfield code="a">n-us-ma</subfield></datafield><datafield ind1="0" ind2="0" tag="245"><subfield code="a">Fall River contact.</subfield></datafield><datafield ind1=" " ind2=" " tag="260"><subfield code="a">Fall River, Mass. :</subfield><subfield code="b">[s.n.]</subfield></datafield><datafield ind1=" " ind2=" " tag="300"><subfield code="a">v.</subfield></datafield><datafield ind1=" " ind2=" " tag="310"><subfield code="a">Weekly</subfield></datafield><datafield ind1="0" ind2=" " tag="362"><subfield code="a">Vol. 1, no. 15 (July 23/24, 1938)-v. 4, no. 47 (28 fe&#769;vr./1er mars 1942).</subfield></datafield><datafield ind1=" " ind2=" " tag="500"><subfield code="a">Editor: Bertrand L. Plante.</subfield></datafield><datafield ind1=" " ind2=" " tag="500"><subfield code="a">Publisher: Bertrand L. Plante, 1939-1942.</subfield></datafield><datafield ind1=" " ind2=" " tag="500"><subfield code="a">Combined Saturday/Sunday issue.</subfield></datafield><datafield ind1=" " ind2=" " tag="546"><subfield code="a">In French and English, with separate sections beginning Feb. 18/19, 1939.</subfield></datafield><datafield ind1=" " ind2="0" tag="650"><subfield code="a">French-Canadians</subfield><subfield code="z">Massachusetts</subfield><subfield code="z">Fall River</subfield><subfield code="v">Newspapers.</subfield></datafield><datafield ind1=" " ind2="7" tag="655"><subfield code="a">Newspapers.</subfield><subfield code="2">fast</subfield><subfield code="0">(OCoLC)fst01423814</subfield></datafield><datafield ind1=" " ind2="7" tag="650"><subfield code="a">French-Canadians.</subfield><subfield code="2">fast</subfield><subfield code="0">(OCoLC)fst00934912</subfield></datafield><datafield ind1=" " ind2="7" tag="651"><subfield code="a">Massachusetts</subfield><subfield code="z">Fall River.</subfield><subfield code="2">fast</subfield><subfield code="0">(OCoLC)fst01210319</subfield></datafield><datafield ind1=" " ind2=" " tag="752"><subfield code="a">United States</subfield><subfield code="b">Massachusetts</subfield><subfield code="c">Bristol</subfield><subfield code="d">Fall River.</subfield></datafield><datafield ind1="0" ind2="0" tag="780"><subfield code="t">Contact (Fall River, Mass.)</subfield><subfield code="w">(DLC)sn 94055535</subfield></datafield></record>